<?xml version="1.0" encoding="UTF-8"?><collection xmlns="http://www.loc.gov/MARC21/slim"><record><leader>00501nam--2200169-i-4500</leader><controlfield tag="001">000006831</controlfield><controlfield tag="002">20161230</controlfield><controlfield tag="005">20170207233801</controlfield><controlfield tag="008">060222s1000------------r-----000-0-eng-d</controlfield><datafield ind1=" " ind2=" " tag="100"><subfield code="a">De Fraenz, I. G</subfield></datafield><datafield ind1=" " ind2=" " tag="245"><subfield code="a">Determinacion del contenido de u-235 en uranio por un metodo radioquimico</subfield></datafield><datafield ind1=" " ind2=" " tag="260"><subfield code="a">Buenos Aires</subfield><subfield code="b">Comision Nacional De La Energia Atomica</subfield><subfield code="c">1954</subfield></datafield><datafield ind1=" " ind2=" " tag="300"><subfield code="a">9 p</subfield></datafield><datafield ind1=" " ind2=" " tag="490"><subfield code="a">Publ.Serie Quimica</subfield></datafield><datafield ind1=" " ind2=" " tag="700"><subfield code="a">Seelmann-Eggebert, W</subfield></datafield><datafield ind1=" " ind2=" " tag="852"><subfield code="a">546.791</subfield></datafield><datafield ind1=" " ind2=" " tag="CAT"><subfield code="a">SYS</subfield><subfield code="c">20170207</subfield><subfield code="h">233801</subfield></datafield></record></collection>